@misc{Slide,
  author = {Rosario Pugliese},
  title = {Chiedere al prof come citare le sue slide}
}

@article{sel4-whitepaper,
  title={The seL4 Microkernel - An Introduction},
  author={Gernot Heiser},
  journal={The seL4 Foundation},
  volume={Revision 1.2},
  year={2020}
}

@misc{kernelWikipedia,
  author = "Wikipedia{,} l'enciclopedia libera",
  title = {Kernel},
  year = {2023},
  note = {Ultima modifica 7 giu 2023},
  url = {https://it.wikipedia.org/wiki/Kernel}
}

@misc{SistemaOperativoWikipedia,
  author = "Wikipedia{,} l'enciclopedia libera",
  title = {Operating system},
  year = {2023},
  note = {Ultima modifica 16 luglio 2023},
  url = {https://en.wikipedia.org/wiki/Operating_system}
}

@misc{hypervisorWikipedia,
  author = "Wikipedia{,} l'enciclopedia libera",
  title = {Hypervisor},
  year = {2023},
  note = {Ultima modifica 25 luglio 2023},
  url = {https://en.wikipedia.org/wiki/Hypervisor}
}

@misc{PoLAWikipedia,
  author = "Wikipedia{,} l'enciclopedia libera"},
  title = {Principle of least privilege},
  year = {2023},
  note = {Ultima modifica 2 agosto 2023},
  url = {https://en.wikipedia.org/wiki/Principle_of_least_privilege}
}

@misc{web:lang:stats,
  author = {JavaTpoint},
  title = {Hard and Soft Real-Time Operating System},
  url = {https://www.javatpoint.com/hard-and-soft-real-time-operating-system}
}

misc{web:lang:stats,
  author = {W3Techs},
  title = {Usage Statistics of Content Languages
           for Websites},
  year = {2017},
  note = {Ultima modifica 16 September 2017},
  url = {http://w3techs.com/technologies/overview/content_language/all}
}

article{knuth:1984,
  title={Literate Programming},
  author={Donald E. Knuth},
  journal={The Computer Journal},
  volume={27},
  number={2},
  pages={97--111},
  year={1984},
  publisher={Oxford University Press}
}